% $Id: researchproposal.bib 982 2004-03-07 19:13:03Z dct25 $

@article{nygaardwinskel2,
    author = "M. Nygaard and G. Winskel",
    title = "Full Abstraction for {HOPLA}",
	note = "Available from {\tt http://www.cl.cam.ac.uk/\~{}gw104/}"}

@article{nygaardwinskel1,
    author = "M. Nygaard and G. Winskel",
    title = "Domain theory for concurrency",
	note = "Available from {\tt http://www.cl.cam.ac.uk/\~{}gw104/}"}

@InProceedings{WZ04,
  author = 	 {Winskel, G. and Zappa Nardelli, F.},
  title = 	 {new-{HOPLA}: a higher-order process language with name generation},
  booktitle = 	 {Proc.\ of 3rd IFIP TCS},
  pages = 	 {521--534},
  year = 	 {2004},
  publisher = Kluwer,
}


@article{winskel,
    author = "G. Winskel",
    title = "Name Generation and Linearity",
	journal = "LICS '05",
	note = "Available from {\tt http://www.cl.cam.ac.uk/\~{}gw104/}"}

@article{cattaniwinskel1,
    author = "G.L. Cattani and G. Winskel",
    title = "Profunctors, open maps and bisimulation",
	note = "Available from {\tt http://www.cl.cam.ac.uk/\~{}gw104/}"}

@article{hennessy1,
	author = "M. Hennessy",
	title = "A fully abstract denotational model for higher-order processes",
	journal = "Information and Computation",
	volume = "112",
	number = "1",
	year = "1994",
	pages = "55--95"}

@phdthesis{cattani1,
	author = "G. L. Cattani",
	title = "Presheaf models for concurrency",
	school = "Universiry of Aarhus",
	year = "1999",
	note = "BRICS Dissertation Series DS-99-1"}

@article{street:monads,
	author = "R. Street",
	title = "The Formal Theory of Monads",
	journal = "Journal of Pure and Applied Algebra",
	volume = "2",
	year = "1972",
	pages = "149--168"}

@InProceedings{SS04,
  author =       {Ulrich {Sch\"opp} and Ian Stark},
  title =        {A Dependent Type Theory with Names and Binding},
  booktitle =    {Computer Science Logic: Proceedings of the 18th
                  International Workshop CSL~2004},
  pages =        {235--249},
  year =         2004,
  number =       3210,
  series =       {Lecture Notes in Computer Science},
  publisher =    {Springer-Verlag},
  url =          {http://www.inf.ed.ac.uk/~stark/names+binding.html},
  pdf =          {http://www.inf.ed.ac.uk/~stark/names+binding.pdf}
}

@article{PittsAM:alpsri,
  author =	 {A. M. Pitts},
  title =	 {Alpha-Structural Recursion and Induction},
  journal =	 {Journal of the {ACM}},
  year =	 2006,
  volume =	 53,
  pages =	 {459--506},
  doi =		 {http://doi.acm.org/10.1145/1147954.1147961}
}

@phdthesis{gabbay:thesis,
	author = {M. J. Gabbay},
	title = {A Theory of Inductive Definitions with Alpha-Equivalence},
	type = {{PhD} Thesis},
	year = 2001,
	school = {Cambridge University},
	note = {Supervised by Andrew Pitts}
}

@Article{PittsAM:newaas-jv,
  author =	 {M. J. Gabbay and A. M. Pitts},
  title =	 {A New Approach to Abstract Syntax with Variable
                  Binding},
  journal =	 {Formal Aspects of Computing},
  year =	 2001,
  volume =	 13,
  pages =	 {341--363}
}

@inproceedings{day:closedcats,
	address = {Berlin--New York},
	author = {Day, B. },
	booktitle = {Reports of the Midwest Category Seminar},
	citeulike-article-id = {822118},
	editor = {Lane, Saunders  M. },
	keywords = {bibtex-import},
	pages = {1--38},
	posted-at = {2006-08-30 14:42:19},
	priority = {0},
	publisher = {Springer-Verlag},
	series = {Lecture Notes in Mathematics},
	title = {On closed categories of functors},
	volume = {137},
	year = {1970}
}

@book{johnstone:elephant:i,
	author = {Johnstone, P. T. },
	howpublished = {Hardcover},
	isbn = {0198534256},
	month = {October},
	priority = {2},
	publisher = {Oxford University Press},
	title = {Sketches of an Elephant: A Topos Theory Compendium vol. 1},
	year = {2002}
}

@article{fiore:picalc,
 author = {M. P. Fiore and E. Moggi and D. Sangiorgi},
 title = {A fully abstract model for the $\pi$-calculus},
 journal = {Inf. Comput.},
 volume = {179},
 number = {1},
 year = {2002},
 issn = {0890-5401},
 pages = {76--117},
 doi = {http://dx.doi.org/10.1006/inco.2002.2968},
 publisher = {Academic Press, Inc.},
 address = {Duluth, MN, USA},
}
 
@inproceedings{stark:picalc,
 author = {G. L. Cattani and I. Stark and G. Winskel},
 title = {Presheaf Models for the $\pi$-Calculus},
 booktitle = {CTCS '97: Proceedings of the 7th International Conference on Category Theory and Computer Science},
 year = {1997},
 isbn = {3-540-63455-X},
 pages = {106--126},
 publisher = {Springer-Verlag},
 address = {London, UK},
 }
